@FOOTNOTE{Note1,key="Note1",note="HackerOne : {\protect \it  http://www.hackerone.com}"}
@FOOTNOTE{Note2,key="Note2",note="The first known bug bounty is the reward check program implemented by Donald Knuth in 1985 for debugging his book {\protect \it  TeX: The Program} ({\protect \it  http://truetex.com/knuthchk.htm})."}
@CONTROL{REVTEX41Control}
@CONTROL{apsrev41Control,author="00",editor="1",pages="1",title="0",year="0"}
